<?xml version="1.0" encoding="UTF-8"?><collection xmlns="http://www.loc.gov/MARC21/slim"><record><leader>00339nam--2200121-i-4500</leader><controlfield tag="001">000005031</controlfield><controlfield tag="002">20161230</controlfield><controlfield tag="005">20161230201026</controlfield><controlfield tag="008">060222s1000------------r-----000-0-eng-d</controlfield><datafield ind1=" " ind2=" " tag="100"><subfield code="a">Audubert, Renee, Mende Serge, De</subfield></datafield><datafield ind1=" " ind2=" " tag="245"><subfield code="a">Les principes de l electrophorese</subfield></datafield><datafield ind1=" " ind2=" " tag="260"><subfield code="a">Paris, Presses Universitaires  De France 1957, 201 P</subfield></datafield><datafield ind1=" " ind2=" " tag="852"><subfield code="a">15529</subfield></datafield></record></collection>